@article{cotter2012mixed,
  title={Mixed finite elements for numerical weather prediction},
  author={Cotter, Colin J and Shipton, Jemma},
  journal={Journal of Computational Physics},
  volume={231},
  number={21},
  pages={7076--7091},
  year={2012},
  publisher={Elsevier}
}

@article{cotter2014finite,
  title={A finite element exterior calculus framework for the rotating shallow-water equations},
  author={Cotter, Colin J and Thuburn, John},
  journal={Journal of Computational Physics},
  volume={257},
  pages={1506--1526},
  year={2014},
  publisher={Elsevier}
}


@article{thuburn2015primal,
  title={A primal--dual mimetic finite element scheme for the rotating shallow water equations on polygonal spherical meshes},
  author={Thuburn, John and Cotter, Colin J},
  journal={Journal of Computational Physics},
  volume={290},
  pages={274--297},
  year={2015},
  publisher={Elsevier}
}
@article{melvin2019mixed,
  title={A mixed finite-element, finite-volume, semi-implicit discretization for atmospheric dynamics: Cartesian geometry},
  author={Melvin, Thomas and Benacchio, Tommaso and Shipway, Ben and Wood, Nigel and Thuburn, John and Cotter, Colin},
  journal={Quarterly Journal of the Royal Meteorological Society},
  volume={145},
  number={724},
  pages={2835--2853},
  year={2019},
  publisher={Wiley Online Library}
}

@article{ullrich2012dynamical,
  title={Dynamical core model intercomparison project ({DCMIP}) test case document},
  author={Ullrich, Paul Aaron and Jablonowski, Christiane and Kent, James and Lauritzen, Peter Hjort and Nair, Ramachandran D and Taylor, Mark A},
  journal={DCMIP Summer School},
  volume={83},
  year={2012}
}

@article{lander1997believable,
  title={Believable scales and parameterizations in a spectral transform model},
  author={Lander, J and Hoskins, BJ},
  journal={Monthly weather review},
  volume={125},
  number={2},
  pages={292--303},
  year={1997}
}

@article{skamarock1994efficiency,
  title={Efficiency and accuracy of the {K}lemp-{W}ilhelmson time-splitting technique},
  author={Skamarock, William C and Klemp, Joseph B},
  journal={Monthly Weather Review},
  volume={122},
  number={11},
  pages={2623--2630},
  year={1994}
}

@article{skamarock2006limiters,
      author = "William C. Skamarock",
      title = "Positive-Definite and Monotonic Limiters for Unrestricted-Time-Step Transport Schemes",
      journal = "Monthly Weather Review",
      year = "2006",
      publisher = "American Meteorological Society",
      address = "Boston MA, USA",
      volume = "134",
      number = "8",
      doi = "https://doi.org/10.1175/MWR3170.1",
      pages=      "2241 - 2250",
      url = "https://journals.ametsoc.org/view/journals/mwre/134/8/mwr3170.1.xml"
}

@article{malardel2016new,
  title={A new grid for the {IFS}},
  author={Malardel, Sylvie and Wedi, Nils and Deconinck, Willem and Diamantakis, Michail and K{\"u}hnlein, Christian and Mozdzynski, George and Hamrud, Mats and Smolarkiewicz, Piotr},
  journal={{ECMWF} Newsletter},
  volume={146},
  pages={23--28},
  year={2016}
}

@article{herrington2019exploring,
  title={Exploring a Lower-Resolution Physics Grid in {CAM}-{SE}-{CSLAM}},
  author={Herrington, Adam R and Lauritzen, Peter H and Reed, Kevin A and Goldhaber, Steve and Eaton, Brian E},
  journal={Journal of Advances in Modeling Earth Systems},
  volume={11},
  number={7},
  pages={1894--1916},
  year={2019},
  publisher={Wiley Online Library}
}

@article{herrington2019physics,
  title={Physics--{D}ynamics {C}oupling with {E}lement-{B}ased {H}igh-{O}rder {G}alerkin {M}ethods: {Q}uasi-{E}qual-{A}rea {P}hysics {G}rid},
  author={Herrington, Adam R and Lauritzen, Peter H and Taylor, Mark A and Goldhaber, Steve and Eaton, Brian E and Bacmeister, Julio T and Reed, Kevin A and Ullrich, Paul A},
  journal={Monthly Weather Review},
  volume={147},
  number={1},
  pages={69--84},
  year={2019}
}

@article{grabowski1991cloud,
  title={Cloud--environment interface instability: {R}ising thermal calculations in two spatial dimensions},
  author={Grabowski, Wojciech W and Clark, Terry L},
  journal={Journal of the Atmospheric Sciences},
  volume={48},
  number={4},
  pages={527--546},
  year={1991},
  publisher={American Meteorological Society}
}

@article{bendall2020compatible,
  title={A compatible finite-element discretisation for the moist compressible {E}uler equations},
  author={Bendall, Thomas M and Gibson, Thomas H and Shipton, Jemma and Cotter, Colin J and Shipway, Ben},
  journal={Quarterly Journal of the Royal Meteorological Society},
  volume={146},
  number={732},
  pages={3187--3205},
  year={2020},
  publisher={Wiley Online Library}
}

@article{bradley2022islet,
  title={Islet: Interpolation semi-{L}agrangian element-based transport},
  author={Bradley, Andrew M and Bosler, Peter A and Guba, Oksana},
  journal={Geoscientific Model Development},
  volume={15},
  number={16},
  pages={6285--6310},
  year={2022},
  publisher={Copernicus GmbH}
}

@article{hannah2021separating,
  title={Separating physics and dynamics grids for improved computational efficiency in spectral element earth system models},
  author={Hannah, Walter M and Bradley, Andrew M and Guba, Oksana and Tang, Qi and Golaz, Jean-Christophe and Wolfe, Jon},
  journal={Journal of Advances in Modeling Earth Systems},
  volume={13},
  number={7},
  pages={e2020MS002419},
  year={2021},
  publisher={Wiley Online Library}
}

@article{bendall2023solution,
  title={A solution to the trilemma of the moist {C}harney--{P}hillips staggering},
  author={Bendall, Thomas M and Wood, Nigel and Thuburn, John and Cotter, Colin J},
  journal={Quarterly Journal of the Royal Meteorological Society},
  volume={149},
  number={750},
  pages={262--276},
  year={2023},
  publisher={Wiley Online Library}
}

@article{straka1993numerical,
  title={Numerical solutions of a non-linear density current: {A} benchmark solution and comparisons},
  author={Straka, Jerry M and Wilhelmson, Robert B and Wicker, Louis J and Anderson, John R and Droegemeier, Kelvin K},
  journal={International Journal for Numerical Methods in Fluids},
  volume={17},
  number={1},
  pages={1--22},
  year={1993},
  publisher={Wiley Online Library}
}

@article{gross2018physics,
  title={Physics--dynamics coupling in weather, climate, and earth system models: {C}hallenges and recent progress},
  author={Gross, Markus and Wan, Hui and Rasch, Philip J and Caldwell, Peter M and Williamson, David L and Klocke, Daniel and Jablonowski, Christiane and Thatcher, Diana R and Wood, Nigel and Cullen, Mike and others},
  journal={Monthly Weather Review},
  volume={146},
  number={11},
  pages={3505--3544},
  year={2018}
}

@inproceedings{stringer2018hybrid,
  title={A {H}ybrid-{R}esolution {E}arth {S}ystem {M}odel},
  author={Stringer, Marc and Jones, Colin and Hill, Richard and Dalvi, Mohit and Johnson, Colin and Walton, Jeremy},
  booktitle={2018 IEEE 14th International Conference on e-Science (e-Science)},
  pages={268--269},
  year={2018},
  organization={IEEE}
}

@article{roberts2018climate,
  title={Climate model configurations of the {ECMWF} {I}ntegrated {F}orecasting {S}ystem ({ECMWF-IFS} cycle 43r1) for {H}igh{R}es{MIP}},
  author={Roberts, Christopher D and Senan, Retish and Molteni, Franco and Boussetta, Souhail and Mayer, Michael and Keeley, Sarah PE},
  journal={Geoscientific model development},
  volume={11},
  number={9},
  pages={3681--3712},
  year={2018},
  publisher={Copernicus GmbH}
}

@article{wood2014inherently,
  title={An inherently mass-conserving semi-implicit semi-{L}agrangian discretization of the deep-atmosphere global non-hydrostatic equations},
  author={Wood, Nigel and Staniforth, Andrew and White, Andy and Allen, Thomas and Diamantakis, Michail and Gross, Markus and Melvin, Thomas and Smith, Chris and Vosper, Simon and Zerroukat, Mohamed and Thuburn, John},
  journal={Quarterly Journal of the Royal Meteorological Society},
  volume={140},
  number={682},
  pages={1505--1520},
  year={2014},
  publisher={Wiley Online Library}
}

@article{walters2019met,
  title={The {M}et {O}ffice {U}nified {M}odel global atmosphere 7.0/7.1 and {JULES} global land 7.0 configurations},
  author={Walters, David and Baran, Anthony J and Boutle, Ian and Brooks, Malcolm and Earnshaw, Paul and Edwards, John and Furtado, Kalli and Hill, Peter and Lock, Adrian and Manners, James and others},
  journal={Geoscientific Model Development},
  volume={12},
  number={5},
  pages={1909--1963},
  year={2019},
  publisher={Copernicus GmbH}
}

@article{melvin2018choice,
  title={Choice of function spaces for thermodynamic variables in mixed finite-element methods},
  author={Melvin, Thomas and Benacchio, Tommaso and Thuburn, John and Cotter, Colin J},
  journal={Quarterly Journal of the Royal Meteorological Society},
  volume={144},
  number={712},
  pages={900--916},
  year={2018},
  publisher={Wiley Online Library}
}

@article{thuburn2022numerical,
  title={Numerical entropy conservation without sacrificing {C}harney--{P}hillips grid optimal wave propagation},
  author={Thuburn, John},
  journal={Quarterly Journal of the Royal Meteorological Society},
  volume={148},
  number={747},
  pages={2755--2768},
  year={2022},
  publisher={Wiley Online Library}
}

@article{bendall2019recovered,
  title={The ‘recovered space’ advection scheme for lowest-order compatible finite element methods},
  author={Bendall, Thomas M and Cotter, Colin J and Shipton, Jemma},
  journal={Journal of Computational Physics},
  volume={390},
  pages={342--358},
  year={2019},
  publisher={Elsevier}
}

@article{bendall2023improving,
  title={Improving the accuracy of discretisations of the vector transport equation on the lowest-order quadrilateral {R}aviart-{T}homas finite elements},
  author={Bendall, Thomas M and Wimmer, Golo Albert},
  journal={Journal of Computational Physics},
  volume={474},
  pages={111834},
  year={2023},
  publisher={Elsevier}
}

@book{lauritzen2011numerical,
  title={Numerical techniques for global atmospheric models},
  author={Lauritzen, Peter H and Jablonowski, Christiane and Taylor, Mark A and Nair, Ramachandran D},
  volume={80},
  year={2011},
  publisher={Springer Science \& Business Media}
}

@article{lauritzen2014standard,
  title={A standard test case suite for two-dimensional linear transport on the sphere: results from a collection of state-of-the-art schemes},
  author={Lauritzen, P H and Ullrich, P A and Jablonowski, C and Bosler, P A and Calhoun, D and Conley, A J and Enomoto, T and Dong, L and Dubey, S and Guba, O and others},
  journal={Geoscientific Model Development},
  volume={7},
  number={1},
  pages={105--145},
  year={2014},
  publisher={Copernicus GmbH}
}

@article{zangl2015icon,
  title={The {ICON} ({ICO}sahedral {N}on-hydrostatic) modelling framework of {DWD} and {MPI}-{M}: {D}escription of the non-hydrostatic dynamical core},
  author={Z{\"a}ngl, G{\"u}nther and Reinert, Daniel and R{\'\i}podas, Pilar and Baldauf, Michael},
  journal={Quarterly Journal of the Royal Meteorological Society},
  volume={141},
  number={687},
  pages={563--579},
  year={2015},
  publisher={Wiley Online Library}
}

@inproceedings{barth1989design,
  title={The design and application of upwind schemes on unstructured meshes},
  author={Barth, Timothy and Jespersen, Dennis},
  booktitle={27th Aerospace sciences meeting},
  pages={366},
  year={1989}
}

@article{lauritzen2012evaluating,
  title={Evaluating advection/transport schemes using interrelated tracers, scatter plots and numerical mixing diagnostics},
  author={Lauritzen, Peter Hjort and Thuburn, John},
  journal={Quarterly Journal of the Royal Meteorological Society},
  volume={138},
  number={665},
  pages={906--918},
  year={2012},
  publisher={Wiley Online Library}
}

@article{lauritzen2012standard,
  title={A standard test case suite for two-dimensional linear transport on the sphere},
  author={Lauritzen, Peter Hjort and Skamarock, William C and Prather, M J and Taylor, MA},
  journal={Geoscientific Model Development},
  volume={5},
  number={3},
  pages={887--901},
  year={2012},
  publisher={Copernicus GmbH}
}

@article{nair2010class,
  title={A class of deformational flow test cases for linear transport problems on the sphere},
  author={Nair, Ramachandran D and Lauritzen, Peter H},
  journal={Journal of Computational Physics},
  volume={229},
  number={23},
  pages={8868--8887},
  year={2010},
  publisher={Elsevier}
}

@article{arnold2010finite,
  title={Finite element exterior calculus: from {H}odge theory to numerical stability},
  author={Arnold, Douglas and Falk, Richard and Winther, Ragnar},
  journal={Bulletin of the American mathematical society},
  volume={47},
  number={2},
  pages={281--354},
  year={2010}
}


@article{hughes2023mountain,
  title={A {M}ountain-{I}nduced {M}oist {B}aroclinic {W}ave {T}est {C}ase for the {D}ynamical {C}ores of {A}tmospheric {G}eneral {C}irculation {M}odels},
  author={Hughes, Owen Kenneth and Jablonowski, Christiane},
  journal={EGUsphere},
  volume={2023},
  pages={1--39},
  year={2023},
  publisher={Copernicus Publications G{\"o}ttingen, Germany}
}

@article{held1994proposal,
  title={A proposal for the intercomparison of the dynamical cores of atmospheric general circulation models},
  author={Held, Isaac M and Suarez, Max J},
  journal={Bulletin of the American Meteorological society},
  volume={75},
  number={10},
  pages={1825--1830},
  year={1994},
  publisher={American Meteorological Society}
}

@article{maynard2020multigrid,
  title={Multigrid preconditioners for the mixed finite element dynamical core of the {LFR}ic atmospheric model},
  author={Maynard, Christopher and Melvin, Thomas and M{\"u}ller, Eike Hermann},
  journal={Quarterly Journal of the Royal Meteorological Society},
  volume={146},
  number={733},
  pages={3917--3936},
  year={2020},
  publisher={Wiley Online Library}
}

@article{adams2019lfric,
  title={{LFR}ic: {M}eeting the challenges of scalability and performance portability in {W}eather and {C}limate models},
  author={Adams, Samantha V and Ford, Rupert W and Hambley, M and Hobson, JM and Kav{\v{c}}i{\v{c}}, I and Maynard, Christopher M and Melvin, Thomas and M{\"u}ller, Eike Hermann and Mullerworth, S and Porter, AR and others},
  journal={Journal of Parallel and Distributed Computing},
  volume={132},
  pages={383--396},
  year={2019},
  publisher={Elsevier}
}

@article{kent2023mixed,
  title={A mixed finite-element discretisation of the shallow-water equations},
  author={Kent, James and Melvin, Thomas and Wimmer, Golo Albert},
  journal={Geoscientific Model Development},
  volume={16},
  number={4},
  pages={1265--1276},
  year={2023},
  publisher={Copernicus GmbH}
}

@article{kent2020positive,
  title={A Positive Definite Limiter for Advection Problems},
  author={Kent, James},
  journal={Journal of Scientific Computing},
  volume={82},
  number={3},
  pages={1--9},
  year={2020}
}

@article{sergeev2023simulations,
  title={Simulations of idealised 3{D} atmospheric flows on terrestrial planets using {LFR}ic-{A}tmosphere},
  author={Sergeev, Denis E and Mayne, Nathan J and Bendall, Thomas and Boutle, Ian A and Brown, Alex and Kav{\v{c}}i{\v{c}}, Iva and Kent, James and Kohary, Krisztian and Manners, James and Melvin, Thomas and others},
  journal={Geoscientific Model Development},
  volume={16},
  number={19},
  pages={5601--5626},
  year={2023},
  publisher={Copernicus Publications G{\"o}ttingen, Germany}
}

@article{cotter2023compatible,
  title={Compatible finite element methods for geophysical fluid dynamics},
  author={Cotter, Colin J},
  journal={Acta Numerica},
  volume={32},
  pages={291--393},
  year={2023},
  publisher={Cambridge University Press}
}

@article{ullrich2014proposed,
  title={A proposed baroclinic wave test case for deep-and shallow-atmosphere dynamical cores},
  author={Ullrich, Paul A and Melvin, Thomas and Jablonowski, Christiane and Staniforth, Andrew},
  journal={Quarterly Journal of the Royal Meteorological Society},
  volume={140},
  number={682},
  pages={1590--1602},
  year={2014},
  publisher={Wiley Online Library}
}

@article{bryan2002benchmark,
  title={A benchmark simulation for moist nonhydrostatic numerical models},
  author={Bryan, George H and Fritsch, J Michael},
  journal={Monthly Weather Review},
  volume={130},
  number={12},
  pages={2917--2928},
  year={2002}
}

@article{leonard1995nirvana,
  title={The {N}irvana scheme applied to one-dimensional advection},
  author={Leonard, B P and Lock, A P and MacVean, M K},
  journal={Int. J. Num. Meth. Heat Fluid F},
  volume={5},
  pages={341--377},
  year={1995}
}

@article{colella1984ppm,
title = {The {P}iecewise {P}arabolic {M}ethod ({PPM}) for gas-dynamical simulations},
journal = {Journal of Computational Physics},
volume = {54},
number = {1},
pages = {174--201},
year = {1984},
doi = {https://doi.org/10.1016/0021-9991(84)90143-8},
author = {Colella, Phillip and Woodward, Paul R},
}

@article{lin1996ffsl,
  title={Multidimensional {F}lux-{F}orm {S}emi-{L}agrangian {T}ransport {S}chemes},
  author={Lin, Shian-Jiann and Rood, Richard B.},
  journal={Monthly Weather Review},
  year={1996},
  volume={124},
  pages={2046--2070},
}

@article{leonard1996cosmic,
  title={Conservative explicit unrestricted-timestep multidimensional constancy-preserving advection schemes},
  author={Leonard, B P and Lock, A P and MacVean, M K},
  journal={Monthly Weather Review},
  year={1996},
  volume={124},
  pages={2588--2606},
}

@article{putman2007fvtransport,
title = {Finite-volume transport on various cubed-sphere grids},
journal = {Journal of Computational Physics},
volume = {227},
number = {1},
pages = {55-78},
year = {2007},
issn = {0021-9991},
doi = {https://doi.org/10.1016/j.jcp.2007.07.022},
url = {https://www.sciencedirect.com/science/article/pii/S0021999107003105},
author = {William M. Putman and Shian-Jiann Lin},
}

@article{kent2019crossterms,
author = {Kent, James},
title = {Capturing the cross-terms in multidimensional advection schemes},
journal = {International Journal for Numerical Methods in Fluids},
volume = {91},
number = {2},
pages = {49-62},
doi = {https://doi.org/10.1002/fld.4740},
url = {https://onlinelibrary.wiley.com/doi/abs/10.1002/fld.4740},
year = {2019}
}

@article{lin2004fvcore,
      author = "Shian-Jiann Lin",
      title = "A “{V}ertically {L}agrangian” {F}inite-{V}olume {D}ynamical {C}ore for {G}lobal {M}odels",
      journal = "Monthly Weather Review",
      year = "2004",
      publisher = "American Meteorological Society",
      address = "Boston MA, USA",
      volume = "132",
      number = "10",
      doi = "https://doi.org/10.1175/1520-0493(2004)132<2293:AVLFDC>2.0.CO;2",
      pages=      "2293 - 2307",
      url = "https://journals.ametsoc.org/view/journals/mwre/132/10/1520-0493_2004_132_2293_avlfdc_2.0.co_2.xml"
}

@article{colella2008,
title = {A limiter for {PPM} that preserves accuracy at smooth extrema},
journal = {Journal of Computational Physics},
volume = {227},
number = {15},
pages = {7069-7076},
year = {2008},
issn = {0021-9991},
doi = {https://doi.org/10.1016/j.jcp.2008.03.034},
url = {https://www.sciencedirect.com/science/article/pii/S0021999108001435},
author = {Phillip Colella and Michael D. Sekora},
}

@article{lauritzen2011atmospheric,
  title={Atmospheric transport schemes: desirable properties and a semi-{L}agrangian view on finite-volume discretizations},
  author={Lauritzen, Peter H and Ullrich, Paul A and Nair, Ramachandran D},
  journal={Numerical Techniques for Global Atmospheric Models},
  pages={185--250},
  year={2011},
  publisher={Springer}
}

@article{thuburn2008some,
  title={Some conservation issues for the dynamical cores of {NWP} and climate models},
  author={Thuburn, John},
  journal={Journal of Computational Physics},
  volume={227},
  number={7},
  pages={3715--3730},
  year={2008},
  publisher={Elsevier}
}

@article{zhang2008consistency,
  title={Consistency problem with tracer advection in the atmospheric model {GAMIL}},
  author={Zhang, Kai and Wan, Hui and Wang, Bin and Zhang, Meigen},
  journal={Advances in Atmospheric Sciences},
  volume={25},
  pages={306--318},
  year={2008},
  publisher={Springer}
}

@article{jockel2001fundamental,
  title={On a fundamental problem in implementing flux-form advection schemes for tracer transport in 3-dimensional general circulation and chemistry transport models},
  author={J{\"o}ckel, Patrick and von Kuhlmann, Rolf and Lawrence, Mark G and Steil, Benedikt and Brenninkmeijer, Carl AM and Crutzen, Paul J and Rasch, Philip J and Eaton, Brian},
  journal={Quarterly Journal of the Royal Meteorological Society},
  volume={127},
  number={573},
  pages={1035--1052},
  year={2001},
  publisher={Wiley Online Library}
}

@article{harris2011flux,
  title={A flux-form version of the conservative semi-Lagrangian multi-tracer transport scheme ({CSLAM}) on the cubed sphere grid},
  author={Harris, Lucas M and Lauritzen, Peter H and Mittal, Rashmi},
  journal={Journal of Computational Physics},
  volume={230},
  number={4},
  pages={1215--1237},
  year={2011},
  publisher={Elsevier}
}

@article{lauritzen2010conservative,
  title={A conservative semi-{L}agrangian multi-tracer transport scheme ({CSLAM}) on the cubed-sphere grid},
  author={Lauritzen, Peter H and Nair, Ramachandran D and Ullrich, Paul A},
  journal={Journal of Computational Physics},
  volume={229},
  number={5},
  pages={1401--1424},
  year={2010},
  publisher={Elsevier}
}

@article{lauritzen2007fvstab,
  title={A Stability Analysis of Finite-Volume Advection Schemes Permitting Long Time Steps},
  author={Lauritzen, Peter H },
  journal={Monthly Weather Review},
  volume={135},
  number={7},
  pages={2658--2673},
  year={2007}
}

@article{zerroukat2002slice,
  title={{SLICE}: A {S}emi-{L}agrangian {I}nherently {C}onserving and {E}fficient scheme for transport problems},
  author={Zerroukat, Mohamed and Wood, Nigel and Staniforth, Andrew},
  journal={Quarterly Journal of the Royal Meteorological Society: A journal of the atmospheric sciences, applied meteorology and physical oceanography},
  volume={128},
  number={586},
  pages={2801--2820},
  year={2002},
  publisher={Wiley Online Library}
}

@article{zerroukat2004slice,
  title={{SLICE}-{S}: A {S}emi-{L}agrangian {I}nherently {C}onserving and {E}fficient scheme for transport problems on the {S}phere},
  author={Zerroukat, Mohamed and Wood, Nigel and Staniforth, Andrew},
  journal={Quarterly Journal of the Royal Meteorological Society: A journal of the atmospheric sciences, applied meteorology and physical oceanography},
  volume={130},
  number={602},
  pages={2649--2664},
  year={2004},
  publisher={Wiley Online Library}
}

@article{zerroukat2012three,
  title={A three-dimensional monotone and conservative semi-Lagrangian scheme ({SLICE}-3{D}) for transport problems},
  author={Zerroukat, M and Allen, T},
  journal={Quarterly Journal of the Royal Meteorological Society},
  volume={138},
  number={667},
  pages={1640--1651},
  year={2012},
  publisher={Wiley Online Library}
}

@article{melvin2024mixed,
  title={A mixed finite-element, finite-volume, semi-implicit discretisation for atmospheric dynamics: {S}pherical geometry},
  author={Melvin, Thomas and Shipway, Ben and Wood, Nigel and Benacchio, Tommaso and Bendall, Thomas and Boutle, Ian and Brown, Alex and Johnson, Christine and Kent, James and Pring, Stephen and others},
  journal={Quarterly Journal of the Royal Meteorological Society},
  year={2024},
  publisher={Wiley Online Library}
}


@article{staniforth2012horizontal,
  title={Horizontal grids for global weather and climate prediction models: a review},
  author={Staniforth, Andrew and Thuburn, John},
  journal={Quarterly Journal of the Royal Meteorological Society},
  volume={138},
  number={662},
  pages={1--26},
  year={2012},
  publisher={Wiley Online Library}
}

@article{girard2014staggered,
  title={Staggered vertical discretization of the Canadian Environmental Multiscale (GEM) model using a coordinate of the log-hydrostatic-pressure type},
  author={Girard, Claude and Plante, Andr{\'e} and Desgagn{\'e}, Michel and McTaggart-Cowan, Ron and C{\^o}t{\'e}, Jean and Charron, Martin and Gravel, Sylvie and Lee, Vivian and Patoine, Alain and Qaddouri, Abdessamad and others},
  journal={Monthly Weather Review},
  volume={142},
  number={3},
  pages={1183--1196},
  year={2014}
}

@article{boris1973flux,
  title={Flux-corrected transport. I. SHASTA, a fluid transport algorithm that works},
  author={Boris, Jay P and Book, David L},
  journal={Journal of computational physics},
  volume={11},
  number={1},
  pages={38--69},
  year={1973},
  publisher={Elsevier}
}


@article{book1975flux,
  title={Flux-corrected transport II: Generalizations of the method},
  author={Book, David L and Boris, Jay P and Hain, K},
  journal={Journal of Computational Physics},
  volume={18},
  number={3},
  pages={248--283},
  year={1975},
  publisher={Elsevier}
}

@article{smolarkiewicz1989comment,
  title={Comment on “{A} positive definite advection scheme obtained by nonlinear renormalization of the advective fluxes”},
  author={Smolarkiewicz, Piotr K},
  journal={Monthly weather review},
  volume={117},
  number={11},
  pages={2626--2632},
  year={1989}
}

@article{fromm1968method,
  title={A method for reducing dispersion in convective difference schemes},
  author={Fromm, Jacob E},
  journal={Journal of Computational Physics},
  volume={3},
  number={2},
  pages={176--189},
  year={1968},
  publisher={Elsevier}
}

@article{van1974towards,
  title={Towards the ultimate conservative difference scheme. {II}. {M}onotonicity and conservation combined in a second-order scheme},
  author={Van Leer, Bram},
  journal={Journal of computational physics},
  volume={14},
  number={4},
  pages={361--370},
  year={1974},
  publisher={Elsevier}
}

@article{smolarkiewicz1992class,
  title={A class of semi-{L}agrangian approximations for fluids},
  author={Smolarkiewicz, Piotr K and Pudykiewicz, Janusz A},
  journal={Journal of Atmospheric Sciences},
  volume={49},
  number={22},
  pages={2082--2096},
  year={1992}
}

@article{charney1953verticalstaggering,
  title={Numerical integration of the quasi-geostrophic equations for barotropic and simple baroclinic flows},
  author={Charney, J. G. and Phillips, N.},
  journal={Journal of Atmospheric Sciences},
  volume={10},
  number={2},
  pages={71--99},
  year={1953}
}

@article{strang1968spltting,
author = {Strang, Gilbert},
title = {On the Construction and Comparison of Difference Schemes},
journal = {SIAM Journal on Numerical Analysis},
volume = {5},
number = {3},
pages = {506-517},
year = {1968},
doi = {10.1137/0705041}
}

@article{brown2024physics,
  title={Physics--dynamics--chemistry coupling across different meshes in LFRic-Atmosphere: Formulation and idealised tests},
  author={Brown, Alex and Bendall, Thomas M and Boutle, Ian and Melvin, Thomas and Shipway, Ben},
  journal={Quarterly Journal of the Royal Meteorological Society},
  year={2024},
  publisher={Wiley Online Library}
}


@article{carpenter1990application,
  title={Application of the piecewise parabolic method ({PPM}) to meteorological modeling},
  author={Carpenter Jr, Richard L and Droegemeier, Kelvin K and Woodward, Paul R and Hane, Carl E},
  journal={Monthly Weather Review},
  volume={118},
  number={3},
  pages={586--612},
  year={1990}
}

@article{mouallem2023implementation,
  title={Implementation of the {N}ovel {D}uo-{G}rid in {GFDL}'s {FV}3 {D}ynamical {C}ore},
  author={Mouallem, Joseph and Harris, Lucas and Chen, Xi},
  journal={Journal of Advances in Modeling Earth Systems},
  volume={15},
  number={12},
  pages={e2023MS003712},
  year={2023},
  publisher={Wiley Online Library}
}

@article{tang2022three,
  title={A three-dimensional positivity-preserving and conservative multimoment finite-volume transport model on a cubed-sphere grid},
  author={Tang, Jie and Chen, Chungang and Shen, Xueshun and Xiao, Feng and Li, Xingliang},
  journal={Quarterly Journal of the Royal Meteorological Society},
  volume={148},
  number={749},
  pages={3622--3638},
  year={2022},
  publisher={Wiley Online Library}
}

@article{harris2021scientific,
  title={A scientific description of the {GFDL} finite-volume cubed-sphere dynamical core},
  author={Harris, Lucas and Chen, Xi and Putman, William and Zhou, Linjiong and Chen, Jan-Huey},
  year={2021}
}

@article{neale2013mean,
  title={The mean climate of the Community Atmosphere Model ({CAM}4) in forced {SST} and fully coupled experiments},
  author={Neale, Richard B and Richter, Jadwiga and Park, Sungsu and Lauritzen, Peter H and Vavrus, Stephen J and Rasch, Philip J and Zhang, Minghua},
  journal={Journal of Climate},
  volume={26},
  number={14},
  pages={5150--5168},
  year={2013}
}

@article{gillibrand2016mass,
  title={A mass-conserving advection scheme for offline simulation of scalar transport in coastal ocean models},
  author={Gillibrand, PA and Herzfeld, M},
  journal={Ocean Modelling},
  volume={101},
  pages={1--16},
  year={2016},
  publisher={Elsevier}
}

@article{chen2008new,
  title={New generation of multi-scale {NWP} system ({GRAPES}): general scientific design},
  author={Chen, DeHui and Xue, JiShan and Yang, XueSheng and Zhang, HongLiang and Shen, XueShun and Hu, JiangLin and Wang, Yu and Ji, LiRen and Chen, JiaBin},
  journal={Chinese Science Bulletin},
  volume={53},
  number={22},
  pages={3433--3445},
  year={2008},
  publisher={Springer}
}

@article{zhang2023history,
  title={{H}istory and {S}tatus of {A}tmospheric {D}ynamical {C}ore {M}odel {D}evelopment in {C}hina},
  author={Zhang, Yi and Li, Jian and Zhang, He and Li, Xiaohan and Dong, Li and Rong, Xinyao and Zhao, Chun and Peng, Xindong and Wang, Yiming},
  journal={Numerical Weather Prediction: East Asian Perspectives},
  pages={3--36},
  year={2023},
  publisher={Springer}
}

@article{zhou2012computational,
  title={Computational performance of the high-resolution atmospheric model {FAMIL}},
  author={Zhou, LinJiong and Liu, Yi-Min and Bao, Qing and Yu, Hai-Yang and Wu, Guo-Xiong},
  journal={Atmospheric and Oceanic Science Letters},
  volume={5},
  number={5},
  pages={355--359},
  year={2012},
  publisher={Taylor \& Francis}
}

@article{bott2010improving,
  title={Improving the time-splitting errors of one-dimensional advection schemes in multidimensional applications},
  author={Bott, Andreas},
  journal={Atmospheric Research},
  volume={97},
  number={4},
  pages={619--631},
  year={2010},
  publisher={Elsevier}
}

@article{thuburn1996multidimensional,
  title={Multidimensional flux-limited advection schemes},
  author={Thuburn, John},
  journal={Journal of Computational Physics},
  volume={123},
  number={1},
  pages={74--83},
  year={1996},
  publisher={Elsevier}
}